<record><leader>00000cas a2200000 a 4500</leader><controlfield tag="001">10498362</controlfield><controlfield tag="008">840308d18391917pauwr ne      0    0eng c</controlfield><datafield ind1=" " ind2=" " tag="010"><subfield code="a">sn 84026513 </subfield></datafield><datafield ind1=" " ind2=" " tag="040"><subfield code="a">NPU</subfield><subfield code="b">eng</subfield><subfield code="c">NPU</subfield><subfield code="d">NPH</subfield><subfield code="d">DLC</subfield><subfield code="d">NPH</subfield><subfield code="d">NPX</subfield><subfield code="d">KNP</subfield><subfield code="d">WAU</subfield><subfield code="d">OCL</subfield><subfield code="d">DLC</subfield><subfield code="d">KRTAS</subfield><subfield code="d">DLC</subfield><subfield code="d">OCLCQ</subfield><subfield code="d">OCLCF</subfield></datafield><datafield ind1="1" ind2=" " tag="029"><subfield code="a">AU@</subfield><subfield code="b">000025784692</subfield></datafield><datafield ind1=" " ind2=" " tag="042"><subfield code="a">pcc</subfield></datafield><datafield ind1=" " ind2=" " tag="043"><subfield code="a">n-us-pa</subfield></datafield><datafield ind1="0" ind2="0" tag="050"><subfield code="a">Newspaper 9375-X</subfield></datafield><datafield ind1="0" ind2=" " tag="130"><subfield code="a">Genius of liberty (Uniontown, Pa. : 1839)</subfield></datafield><datafield ind1="1" ind2="4" tag="245"><subfield code="a">The genius of liberty.</subfield></datafield><datafield ind1=" " ind2=" " tag="250"><subfield code="a">Weekly ed.</subfield></datafield><datafield ind1=" " ind2=" " tag="260"><subfield code="a">Uniontown, Pa. :</subfield><subfield code="b">A.L. Littell</subfield></datafield><datafield ind1=" " ind2=" " tag="300"><subfield code="a">v. ;</subfield><subfield code="c">58-75 cm.</subfield></datafield><datafield ind1=" " ind2=" " tag="310"><subfield code="a">Weekly</subfield></datafield><datafield ind1="1" ind2=" " tag="362"><subfield code="a">Began in Oct. 1839.</subfield><subfield code="z">Cf. Hist. of Fayette Co., Pa., 1882.</subfield></datafield><datafield ind1="1" ind2=" " tag="362"><subfield code="a">Ceased in 1917.</subfield><subfield code="z">Cf. Gregory, W. Amer. newspapers.</subfield></datafield><datafield ind1=" " ind2=" " tag="500"><subfield code="a">Publishers: John W. Irons, &lt;1840-1846&gt;; John W. Shugert, &lt;1847&gt;; John W. Irons &amp; John W. Skiles, &lt;1850&gt;; Armstrong Hadden &amp; T.B. Searight, &lt;1852&gt;; Thomas B. Searight &amp; George W.K. Minor, &lt;1852&gt;; George W. Litman &amp; William A. McDowell, &lt;1872-1875&gt;; Litman, McDowell &amp; Co., &lt;1876-1882&gt;; Cooke, Wycoff &amp; Marshall, &lt;1883&gt;; Cooke, Hazen &amp; Marshall, &lt;1887&gt;; Cooke, Marshall &amp; Co., &lt;1889&gt;; Cooke, Marshall &amp; Gorley, &lt;1892&gt;; Genius of Liberty Pub. Co., &lt;1896&gt;; Cottom, Marshall &amp; Deyarmon, &lt;1899&gt;; Fayette Pub. Co., &lt;1900&gt;.</subfield></datafield><datafield ind1=" " ind2=" " tag="500"><subfield code="a">"Democratic," &lt;1876&gt;.</subfield></datafield><datafield ind1=" " ind2=" " tag="500"><subfield code="a">Editors: George W. Litman, &lt;1876&gt;; William A. McDowell, &lt;1876&gt;; A. Marshall, &lt;1876&gt;.</subfield></datafield><datafield ind1=" " ind2=" " tag="580"><subfield code="a">Campaign ed.: Democratic daily.</subfield></datafield><datafield ind1=" " ind2=" " tag="580"><subfield code="a">Daily eds.: Evening genius; Morning herald (Uniontown, Pa.).</subfield></datafield><datafield ind1=" " ind2=" " tag="580"><subfield code="a">Absorbed: Brownsville times (Brownsville, Pa.). Cf. Weekly patriot and union, Mar. 5, 1863.</subfield></datafield><datafield ind1=" " ind2=" " tag="588"><subfield code="a">Description based on: New. ser., v. 9, no. 29 (Oct. 15, 1839).</subfield></datafield><datafield ind1=" " ind2="0" tag="651"><subfield code="a">Uniontown (Fayette County, Pa.)</subfield><subfield code="v">Newspapers.</subfield></datafield><datafield ind1=" " ind2="7" tag="655"><subfield code="a">Newspapers.</subfield><subfield code="2">fast</subfield><subfield code="0">(OCoLC)fst01423814</subfield></datafield><datafield ind1=" " ind2="7" tag="651"><subfield code="a">Pennsylvania</subfield><subfield code="z">Uniontown (Fayette County)</subfield><subfield code="2">fast</subfield><subfield code="0">(OCoLC)fst01312497</subfield></datafield><datafield ind1=" " ind2=" " tag="752"><subfield code="a">United States</subfield><subfield code="b">Pennsylvania</subfield><subfield code="c">Fayette</subfield><subfield code="d">Uniontown.</subfield></datafield><datafield ind1="1" ind2=" " tag="775"><subfield code="t">Democratic daily</subfield></datafield><datafield ind1="1" ind2=" " tag="775"><subfield code="t">Evening genius</subfield><subfield code="w">(OCoLC)14209744</subfield></datafield><datafield ind1="1" ind2=" " tag="775"><subfield code="t">Morning herald (Uniontown, Pa.)</subfield><subfield code="w">(DLC)sn 86083388</subfield></datafield><datafield ind1="0" ind2="0" tag="780"><subfield code="t">Genius of liberty, and Democratic shield</subfield><subfield code="w">(DLC)sn 85054553</subfield><subfield code="w">(OCoLC)11991908</subfield></datafield><datafield ind1="1" ind2="5" tag="780"><subfield code="t">Brownsville times (Brownsville, Pa.)</subfield><subfield code="g">1863</subfield><subfield code="w">(DLC)sn 86053352</subfield></datafield><datafield ind1=" " ind2=" " tag="938"><subfield code="a">Kirtas Technologies, Inc.</subfield><subfield code="b">KRTS</subfield><subfield code="n">738250</subfield></datafield></record>